<record xmlns="http://www.loc.gov/MARC21/slim" xmlns:xsi="http://www.w3.org/2001/XMLSchema-instance" xsi:schemaLocation="http://www.loc.gov/MARC21/slim http://www.loc.gov/standards/marcxml/schema/MARC21slim.xsd"><leader>00459cz   2200133n  4500</leader><controlfield tag="001">oca00342786 </controlfield><controlfield tag="005">20041015095953.0</controlfield><controlfield tag="008">791025n| acannaabn          |a aaa      </controlfield><datafield ind1=" " ind2=" " tag="010"><subfield code="a">n  79110932 </subfield></datafield><datafield ind1=" " ind2=" " tag="040"><subfield code="a">DLC</subfield><subfield code="c">DLC</subfield><subfield code="d">DLC</subfield><subfield code="d">OrLoB</subfield><subfield code="d">Uk</subfield><subfield code="d">DLC</subfield></datafield><datafield ind1="0" ind2=" " tag="100"><subfield code="a">Solon,</subfield><subfield code="d">ca. 630-ca. 560 B.C.</subfield></datafield><datafield ind1="0" ind2=" " tag="400"><subfield code="a">Solone,</subfield><subfield code="d">ca. 630-ca. 560 B.C.</subfield></datafield><datafield ind1=" " ind2=" " tag="670"><subfield code="a">Enc. brit., 15th ed.</subfield><subfield code="b">(Solon; Athenian statesman and poet; b. ca. 630 BC; d. ca. 560 BC)</subfield></datafield><datafield ind1=" " ind2=" " tag="670"><subfield code="a">Le vite di Solone e di Poplicola, 1924</subfield></datafield></record>